@inproceedings{tj_a_taiwo_exoskeleton_2021,
	title = {Exoskeleton Handover},
	author = {Taiwo, TJ.},
	month = {Nov},
	year = {2021},
}

@inproceedings{tzemanaki_anthropomorphic_nodate,
	title = {Anthropomorphic surgical system for soft tissue robot-assisted surgery},
	type = {phdthesis},
	author = {Tzemanaki, Antonia},
	month = {Oct},
	year = {2016},
}

@article{jacobson_bounded_2011,
author = {Jacobson, Alec and Baran, Ilya and Popovi\'{c}, Jovan and Sorkine, Olga},
title = {Bounded Biharmonic Weights for Real-Time Deformation},
year = {2011},
issue_date = {July 2011},
publisher = {Association for Computing Machinery},
address = {New York, NY, USA},
volume = {30},
number = {4},
issn = {0730-0301},
journal = {ACM Trans. Graph.},
month = {jul},
articleno = {78},
numpages = {8},
}